<record><leader>00000cas a22000007a 4500</leader><controlfield tag="001">11655449</controlfield><controlfield tag="008">850204d18841884wiuwr ne      0    0eng d</controlfield><datafield ind1=" " ind2=" " tag="010"><subfield code="a">sn 85040086 </subfield></datafield><datafield ind1=" " ind2=" " tag="040"><subfield code="a">NPV</subfield><subfield code="b">eng</subfield><subfield code="c">NPV</subfield><subfield code="d">OCLCQ</subfield></datafield><datafield ind1=" " ind2=" " tag="042"><subfield code="a">msc</subfield></datafield><datafield ind1=" " ind2=" " tag="043"><subfield code="a">n-us-wi</subfield></datafield><datafield ind1=" " ind2=" " tag="045"><subfield code="a">w8w8</subfield></datafield><datafield ind1=" " ind2=" " tag="052"><subfield code="a">4123</subfield><subfield code="b">L2</subfield></datafield><datafield ind1="0" ind2=" " tag="130"><subfield code="a">Sunday news (La Crosse, Wis.)</subfield></datafield><datafield ind1="1" ind2="4" tag="245"><subfield code="a">The Sunday news.</subfield></datafield><datafield ind1=" " ind2=" " tag="260"><subfield code="a">La Crosse, Wis. :</subfield><subfield code="b">G.M. Read,</subfield><subfield code="c">1884.</subfield></datafield><datafield ind1=" " ind2=" " tag="300"><subfield code="a">3 v. :</subfield><subfield code="b">ill.</subfield></datafield><datafield ind1=" " ind2=" " tag="310"><subfield code="a">Weekly</subfield></datafield><datafield ind1="0" ind2=" " tag="362"><subfield code="a">Vol. 4, no. 16 (Jan. 6, 1884)-v. 6, no. 15 (Dec. 21, 1884).</subfield></datafield><datafield ind1=" " ind2=" " tag="500"><subfield code="a">Editor: G.M. Read, Jan. 6-Oct. 12, 1884.--C.R. Wilkinson, Oct. 19-Dec. 21, 1884.</subfield></datafield><datafield ind1=" " ind2=" " tag="530"><subfield code="a">Available on microfilm from The State Historical Society of Wisconsin.</subfield></datafield><datafield ind1=" " ind2=" " tag="752"><subfield code="a">United States</subfield><subfield code="b">Wisconsin</subfield><subfield code="c">La Crosse</subfield><subfield code="d">La Crosse.</subfield></datafield><datafield ind1="0" ind2="0" tag="780"><subfield code="t">Sunday morning news (La Crosse, Wis.)</subfield><subfield code="w">(DLC)sn 85040085</subfield></datafield><datafield ind1="0" ind2="0" tag="785"><subfield code="t">Crosse news</subfield><subfield code="w">(DLC)sn 85040087</subfield></datafield><datafield ind1="1" ind2=" " tag="029"><subfield code="a">AU@</subfield><subfield code="b">000025796617</subfield></datafield></record>